 
@article{sum-3-cubes-33,
	Abstract = {Inspired by the Numberphile video "The uncracked problem with 33" by Tim Browning and Brady Haran, we investigate solutions to x^3+y^3+z^3=k x^3+y^3+z^3=k for a few small values of k k . We find the first known solution for k=33 k=33 .},
	Author = {Andrew R. Booker},
	Date-Added = {2019-05-07 18:53:58 +0100},
	Date-Modified = {2019-05-07 19:11:18 +0100},
	Journal = {https://arxiv.org/abs/1903.04284},
	Keywords = {sum of 3 cubes},
	Month = {March},
	Title = {Cracking the problem with 33},
	Year = {2019}



@article{comp-pso,
	Author = {J. J. Liang and A. K. Qin and Ponnuthurai Nagaratnam Suganthan and S. Baskar},
	Date-Added = {2018-09-14 09:50:41 +0100},
	Date-Modified = {2018-09-19 22:27:51 +0100},
	Journal = {IEEE TRANSACTIONS ON EVOLUTIONARY COMPUTATION},
	Keywords = {Composition benchmark functions, comprehen- sive learning particle swarm optimizer (CLPSO), global numerical optimization, particle swarm optimizer (PSO)},
	Month = {June},
	Number = {3},
	Pages = {281-295},
	Title = {Comprehensive Learning Particle Swarm Optimizer for Global Optimization of Multimodal Functions},
	Volume = {10},
	Year = {2006}}


@article{set-pso,
	Author = {Wei-Neng Chen and Jun Zhang and Henry S. H. Chung and Wen-Liang Zhong and Wei-Gang Wu and Yu-hui Shi},
	Date-Added = {2018-09-13 15:43:20 +0100},
	Date-Modified = {2018-09-19 22:26:02 +0100},
	Journal = {IEEE TRANSACTIONS ON EVOLUTIONARY COMPUTATION},
	Keywords = {Particle swarm optimization,Sets,Discrete,multidimensional knapsack problem,traveling salesman problem},
	Month = {Aprill},
	Number = {2},
	Pages = {278-300},
	Title = {A Novel Set-Based Particle Swarm Optimization Method for Discrete Optimization Problems},
	Volume = {14},
	Year = {2010}}


@article{PSO_2011_anal,
	Author = {Mohammad Reza Bonyadi and Zbigniew Michalewicz},
	Date-Added = {2018-09-13 15:35:17 +0100},
	Date-Modified = {2018-09-19 22:26:36 +0100},
	Journal = {IEEE TRANSACTIONS ON EVOLUTIONARY COMPUTATION},
	Keywords = {Particle swarm optimization, stability analysis, local convergence, transformation invariance},
	Month = {July},
	Number = {3},
	Pages = {370-385},
	Title = {Analysis of stability, local convergence, and transformation sensitivity of a variant of particle swarm optimization algorithm},
	Volume = {20},
	Year = {2016}}


@article{KE-pso,
	Author = {Kennedy, J. and Eberhart, R.},
	Date-Added = {2018-09-12 11:32:28 +0100},
	Date-Modified = {2018-09-19 22:24:19 +0100},
	Journal = {International conference on neural net- works, IEEE},
	Keywords = {Particle swarm optimization},
	Month = {July},
	Number = {3},
	Pages = {1942-1948},
	Title = {Particle swarm optimization.},
	Volume = {4},
	Year = {1995}}


@article{LcRiPSO,
	Author = {Mohammad Reza Bonyadi and Zbigniew Michalewicz},
	Date-Added = {2018-05-15 18:06:42 +0000},
	Date-Modified = {2018-09-19 22:26:55 +0100},
	Journal = {Swarm Intell,Springer},
	Keywords = {Particle swarm optimizer, Local convergence, Rotation invariance,Stagnation},
	Month = {June},
	Pages = {1-40},
	Title = {A locally convergent rotationally invariant particle swarm optimization algorithm},
	Year = {2014}}

